@online{amdoclguide,
	author = {{AMD Inc}},
	title = {OpenCL Optimization Guide},
	year = 2016,
	url = {http://developer.amd.com/tools-and-sdks/opencl-zone/amd-accelerated-parallel-processing-app-sdk/opencl-optimization-guide/},
	urldate = {20106-04-24}
}
@online{dxtimg,
	author = {{FS developer Wiki}},
	title = {DXT compression explained},
	year = 2016,
	url = {http://www.fsdeveloper.com/wiki/index.php?title=DXT_compression_explained},
	urldate = {20106-04-24}
}

@online{anddxt,
	author = {{CRISTIANO F.}},
	title = {Android* Texture Compression - a comparison study with code sample},
	year = 2016,
	url = {https://software.intel.com/en-us/articles/android-texture-compression-a-comparison-study-with-code-sample},
	urldate = {20106-04-24}
}

@misc{hong2004fixed,
	title={Fixed-rate block-based image compression with inferred pixel values},
	author={Hong, Z. and Iourcha, K.I. and Nayak, K.S.},
	url={https://www.google.co.uk/patents/US6775417},
	year={2004},
	month=aug # "~10",
	publisher={Google Patents},
	note={US Patent 6,775,417}
}


@MANUAL{MantleAPI,
	author = {{AMD Inc}},
	title = {Mantle Programming Guide and API Reference},
	year = {2015},
	month = {March},
	edition = {1}
}

@ARTICLE{GpuPipeComp,
	author = {{Mike Houston and Wei Koh}},
	title = {Compression in the Graphics Pipeline},
	journal = {Computer Science Department, Stanford University},
	volume = {},
	pages = {},
	month = {April},
	year = {2013}
}

@ARTICLE{GpuTextComp,
	author = {{Oskar Alexandersson and Christoffer Gurell and Tomas Akenine-Möller}},
	title = {Compressing Dynamically Generated Textures on the GPU},
	journal = {ACM SIGGRAPH 2006 Sketches},
	volume = {},
	pages = {},
	month = {},
	year = {2006}
}

@ARTICLE{GpuFP,
	author = {{Molly A. O'Neil and Martin Burtscher}},
	title = {Floating-point data compression at 75 Gb/s on a GPU},
	journal = {GPGPU-4},
	volume = {},
	pages = {},
	month = {November},
	year = {2010}
}

@INPROCEEDINGS{Patel12parallellossless,
	author = {Ritesh A. Patel and Andrew Davidson and Yao Zhang and John D. Owens and Jason Mak},
	title = {Parallel lossless data compression on the gpu},
	booktitle = {In Innovative Parallel Computing},
	year = {2012},
	pages = {9}
}

@MISC{Cederman08apractical,
	author = {Daniel Cederman and Philippas Tsigas},
	title = {A Practical Quicksort Algorithm for Graphics Processors},
	year = {2008}
}

@article{Sako00,
  author = "Yusaku Sako and Kikuo Fujimura",
  title = "Shape Similarity by Homotropic Deformation",
  journal = "The Visual Computer",
  volume = 16,
  number = 1,
  pages = "47--61",
  publisher = "Springer-Verlag",
  year = 2000,
}

@ARTICLE{advert,
   author = "Sony",
   title = {Boucy Balls Advert\\ http://www.youtube.com/watch?v=-zOrV-5vh1A },
   journal = {Accessed: Oct 2014},
   volume = {},
   pages = {},
   year = {2008}
}

@ARTICLE{comparison,
   author = {{Christopher Mann}},
   title = {Game Physics EngineAnalysis and Development},
   journal = {Honours Dissertation, Games Development, Edinburgh Napier University},
   volume = {},
   pages = {},
   year = {2012}
}


@unpublished{spuspeed,
	title= {Insomniac’s SPU Best Practices},
	author = {Mike Acton and Eric Christensen},
	year = {2008},
	note= {Game Developers Conference}
}

@unpublished{spuphys,
	title= {SPU Physics},
	author = {Erwin Coumans and Eric Christensen},
	year = {2008},
	note= {Game Developers Conference}
}
@unpublished{spushaders,
	title= {SPU Shaders},
	author = {Mike Acton},
	year = {2007},
	note= {Game Developers Conference}
}

@unpublished{gmod,
	title= {Garry's Mod - Source Engine demo},
	author = {{Facepunch Studios}},
	year = {2014},
}
@unpublished{cryengine,
	title= {Cryengine - Destrucction Demo},
	author = {{Crytek}},
	year = {2011},
}
@unpublished{ue4,
	title= {Unreal Engine 4 - Particle Demo},
	author = {{Epic Games}},
	year = {2014},
}